<record><leader>00000cas a22000007a 4500</leader><controlfield tag="001">1764851</controlfield><controlfield tag="008">751101d19231927mnusr ne      0    0eng d</controlfield><datafield ind1=" " ind2=" " tag="010"><subfield code="a">sn 90059276 </subfield></datafield><datafield ind1=" " ind2=" " tag="040"><subfield code="a">MUL</subfield><subfield code="b">eng</subfield><subfield code="c">MUL</subfield><subfield code="d">MN#</subfield><subfield code="d">OCLCF</subfield><subfield code="d">OCLCO</subfield></datafield><datafield ind1="1" ind2=" " tag="029"><subfield code="a">AU@</subfield><subfield code="b">000025879966</subfield></datafield><datafield ind1=" " ind2=" " tag="042"><subfield code="a">msc</subfield></datafield><datafield ind1=" " ind2=" " tag="043"><subfield code="a">n-us-mn</subfield></datafield><datafield ind1=" " ind2=" " tag="052"><subfield code="a">4144</subfield><subfield code="b">S4</subfield></datafield><datafield ind1="0" ind2="0" tag="245"><subfield code="a">Farmer-Labor advocate.</subfield></datafield><datafield ind1="0" ind2="0" tag="246"><subfield code="a">Farmer Labor advocate</subfield></datafield><datafield ind1=" " ind2=" " tag="260"><subfield code="a">St. Paul, Minn. :</subfield><subfield code="b">Farmer-Labor Educational Association,</subfield><subfield code="c">1923-1927.</subfield></datafield><datafield ind1=" " ind2=" " tag="300"><subfield code="a">2 v.</subfield></datafield><datafield ind1=" " ind2=" " tag="310"><subfield code="a">Semimonthly,</subfield><subfield code="b">Dec. 1, 1925)-Feb. 1, 1927</subfield></datafield><datafield ind1=" " ind2=" " tag="321"><subfield code="a">Weekly,</subfield><subfield code="b">Feb. 9, 1923-Nov. 16, 1925</subfield></datafield><datafield ind1="0" ind2=" " tag="362"><subfield code="a">Vol. 1, no. 1 (Feb. 9, 1923)-v. 2, no. 44 (Feb. 1, 1927).</subfield></datafield><datafield ind1=" " ind2=" " tag="530"><subfield code="a">Available on microfilm from the Minnesota Historical Society.</subfield></datafield><datafield ind1="2" ind2="0" tag="610"><subfield code="a">Farmer-Labor Party (Minn.)</subfield><subfield code="v">Periodicals.</subfield></datafield><datafield ind1="2" ind2="0" tag="610"><subfield code="a">Farmer-Labor Educational Association (Minn.)</subfield><subfield code="v">Periodicals.</subfield></datafield><datafield ind1=" " ind2="7" tag="655"><subfield code="a">Periodicals.</subfield><subfield code="2">fast</subfield><subfield code="0">(OCoLC)fst01411641</subfield></datafield><datafield ind1="2" ind2="7" tag="610"><subfield code="a">Farmer-Labor Educational Association (Minn.)</subfield><subfield code="2">fast</subfield><subfield code="0">(OCoLC)fst00677382</subfield></datafield><datafield ind1="2" ind2="7" tag="610"><subfield code="a">Farmer-Labor Party (Minn.)</subfield><subfield code="2">fast</subfield><subfield code="0">(OCoLC)fst00531457</subfield></datafield><datafield ind1="2" ind2=" " tag="710"><subfield code="a">Farmer-Labor Educational Association (Minn.)</subfield></datafield></record>